<?xml version="1.0" encoding="UTF-8"?><marc:record xmlns:marc="http://www.loc.gov/MARC21/slim" xmlns:xsi="http://www.w3.org/2001/XMLSchema-instance" xsi:schemaLocation="http://www.loc.gov/MARC21/slim http://www.loc.gov/standards/marcxml/schema/MARC21slim.xsd"><marc:leader>00397npc a22001577a 4500</marc:leader><marc:controlfield tag="001">1061665</marc:controlfield><marc:controlfield tag="003">NL-AMISG</marc:controlfield><marc:controlfield tag="005">20080204121535.0</marc:controlfield><marc:controlfield tag="008">200802suuuuuuuuxx                  und d</marc:controlfield><marc:datafield ind1=" " ind2=" " tag="035"><marc:subfield code="a">(IISG)IISGb10848410</marc:subfield></marc:datafield><marc:datafield ind1=" " ind2=" " tag="040"><marc:subfield code="a">NL-AmISG</marc:subfield></marc:datafield><marc:datafield ind1="2" ind2=" " tag="110"><marc:subfield code="a">Buitenlandse Arbeiders Kollektief (Amsterdam)</marc:subfield><marc:subfield code="0">(NL-AMISG)75266</marc:subfield></marc:datafield><marc:datafield ind1="1" ind2="0" tag="245"><marc:subfield code="k">Archief.</marc:subfield></marc:datafield><marc:datafield ind1=" " ind2=" " tag="300"><marc:subfield code="a">0.25 m.</marc:subfield></marc:datafield><marc:datafield ind1=" " ind2="4" tag="655"><marc:subfield code="a">Archives format.</marc:subfield><marc:subfield code="0">(NL-AMISG)14737</marc:subfield></marc:datafield><marc:datafield ind1=" " ind2=" " tag="931"><marc:subfield code="a">10191.7</marc:subfield><marc:subfield code="b">0.25</marc:subfield><marc:subfield code="e">D</marc:subfield></marc:datafield><marc:datafield ind1=" " ind2=" " tag="970"><marc:subfield code="a">3</marc:subfield><marc:subfield code="d">0.25</marc:subfield><marc:subfield code="f">2</marc:subfield></marc:datafield><marc:datafield ind1="4" ind2=" " tag="852"><marc:subfield code="a">IISG</marc:subfield><marc:subfield code="b">IISG</marc:subfield><marc:subfield code="c">IISG</marc:subfield><marc:subfield code="j">ARCH02240</marc:subfield><marc:subfield code="n">Available</marc:subfield><marc:subfield code="p">N10612839</marc:subfield></marc:datafield><marc:datafield ind1=" " ind2=" " tag="901"><marc:subfield code="a">1061665</marc:subfield><marc:subfield code="b">Unknown</marc:subfield><marc:subfield code="c">1061665</marc:subfield><marc:subfield code="t">biblio</marc:subfield></marc:datafield><marc:datafield ind1=" " ind2=" " tag="902"><marc:subfield code="a">10622/CD8919A9-7FEC-42BC-8142-919298EAB6F5</marc:subfield></marc:datafield></marc:record>